<?xml version="1.0" encoding="UTF-8"?><collection xmlns="http://www.loc.gov/MARC21/slim"><record><leader>00398nam--2200133-i-4500</leader><controlfield tag="001">000040247</controlfield><controlfield tag="002">20161230</controlfield><controlfield tag="005">20161230201042</controlfield><controlfield tag="008">060222s1000------------r-----000-0-eng-d</controlfield><datafield ind1=" " ind2=" " tag="080"><subfield code="a">530.12:539.145</subfield></datafield><datafield ind1=" " ind2=" " tag="100"><subfield code="a">Sanders, Timothy D</subfield></datafield><datafield ind1=" " ind2=" " tag="245"><subfield code="a">Modern physical theory. special relativity and quantum physics</subfield></datafield><datafield ind1=" " ind2=" " tag="260"><subfield code="a">Reading, Massachusetts, Addison-wesley Publ.Co.,1970. Xii + 586 P</subfield></datafield><datafield ind1=" " ind2=" " tag="852"><subfield code="a">33084</subfield></datafield></record></collection>